<?xml version="1.0" encoding="utf-8"?>
<record xmlns="http://www.loc.gov/MARC21/slim" xmlns:xsi="http://www.w3.org/2001/XMLSchema-instance" xsi:schemaLocation="http://www.loc.gov/MARC21/slim http://www.loc.gov/standards/marcxml/schema/MARC21slim.xsd">
	<leader>
		02745nam a2200469   4500
	</leader>
	<controlfield tag="001">
		2759769
	</controlfield>
	<controlfield tag="003">
		NjP
	</controlfield>
	<controlfield tag="006">
		m        d        
	</controlfield>
	<controlfield tag="007">
		cr cn |||m|||a
	</controlfield>
	<controlfield tag="008">
		151111r19681932iq      o     000 0 arar 
	</controlfield>
	<datafield ind1=" " ind2=" " tag="040">
		<subfield code="a">
			NNU
		</subfield>
		<subfield code="b">
			eng
		</subfield>
		<subfield code="e">
			rda
		</subfield>
		<subfield code="c">
			NNU
		</subfield>
	</datafield>
	<datafield ind1="0" ind2="0" tag="050">
		<subfield code="a">
			PJ7632.L6
		</subfield>
		<subfield code="b">
			M8 1968
		</subfield>
	</datafield>
	<datafield ind1="1" ind2=" " tag="100">
		<subfield code="6">
			880-01
		</subfield>
		<subfield code="a">
			Ibn Dāwūd al-Iṣfahānī, Abū Bakr Muḥammad,
		</subfield>
		<subfield code="d">
			868 or 869-909 or 910.
		</subfield>
	</datafield>
	<datafield ind1="1" ind2="0" tag="240">
		<subfield code="6">
			880-02
		</subfield>
		<subfield code="a">
			Zahrah.
		</subfield>
		<subfield code="n">
			Niṣf 1.
		</subfield>
		<subfield code="k">
			Selections
		</subfield>
	</datafield>
	<datafield ind1="1" ind2="3" tag="245">
		<subfield code="6">
			880-03
		</subfield>
		<subfield code="a">
			al-Niṣf al-awwal min Kitāb al-Zahrah /
		</subfield>
		<subfield code="c">
			taʼlīf Abī Bakr Muḥammad ibn Abī Sulaymān Dāwūd al-Iṣfahānī.
		</subfield>
	</datafield>
	<datafield ind1="1" ind2=" " tag="246">
		<subfield code="i">
			Added cover title:
		</subfield>
		<subfield code="a">
			Kitāb al-zahrah (The book of the flower) :
		</subfield>
		<subfield code="b">
			the first half
		</subfield>
	</datafield>
	<datafield ind1="3" ind2="0" tag="246">
		<subfield code="a">
			Book of the flower
		</subfield>
	</datafield>
	<datafield ind1=" " ind2=" " tag="260">
		<subfield code="6">
			880-04
		</subfield>
		<subfield code="a">
			[Baghdād] :
		</subfield>
		<subfield code="b">
			[Maktabat al-Muthanná],
		</subfield>
		<subfield code="c">
			[1968?]
		</subfield>
	</datafield>
	<datafield ind1=" " ind2=" " tag="300">
		<subfield code="a">
			online resource (3, 406, 8 pages)
		</subfield>
	</datafield>
	<datafield ind1=" " ind2=" " tag="336">
		<subfield code="a">
			text
		</subfield>
		<subfield code="2">
			rdacontent
		</subfield>
	</datafield>
	<datafield ind1=" " ind2=" " tag="337">
		<subfield code="a">
			computer
		</subfield>
		<subfield code="2">
			rdamedia
		</subfield>
	</datafield>
	<datafield ind1=" " ind2=" " tag="338">
		<subfield code="a">
			online resource
		</subfield>
		<subfield code="2">
			rdacarrier
		</subfield>
	</datafield>
	<datafield ind1="1" ind2=" " tag="490">
		<subfield code="a">
			Oriental Institute of the University of Chicago. Studies in ancient oriental civilization ;
		</subfield>
		<subfield code="v">
			no. 6
		</subfield>
	</datafield>
	<datafield ind1=" " ind2=" " tag="500">
		<subfield code="a">
			Cover title.
		</subfield>
	</datafield>
	<datafield ind1=" " ind2=" " tag="500">
		<subfield code="a">
			Reprint of the ed. prepared by A.R. Nykl and published in Chicago, 1932.
		</subfield>
	</datafield>
	<datafield ind1=" " ind2=" " tag="500">
		<subfield code="a">
			Part of the Arabic Collections Online (ACO) project, contributed by Princeton University Libraries.
		</subfield>
	</datafield>
	<datafield ind1=" " ind2=" " tag="533">
		<subfield code="a">
			Electronic reproduction.
		</subfield>
		<subfield code="b">
			New York, N.Y. :
		</subfield>
		<subfield code="c">
			New York University,
		</subfield>
		<subfield code="d">
			2015.
		</subfield>
		<subfield code="5">
			NNU
		</subfield>
	</datafield>
	<datafield ind1=" " ind2="0" tag="650">
		<subfield code="a">
			Love poetry, Arabic.
		</subfield>
	</datafield>
	<datafield ind1=" " ind2="7" tag="650">
		<subfield code="a">
			Love poetry, Arabic.
		</subfield>
		<subfield code="2">
			fast
		</subfield>
		<subfield code="0">
			(OCoLC)fst01002824
		</subfield>
	</datafield>
	<datafield ind1="1" ind2=" " tag="700">
		<subfield code="a">
			Nykl, A. R.
		</subfield>
		<subfield code="q">
			(Alois Richard),
		</subfield>
		<subfield code="d">
			1885-1958,
		</subfield>
		<subfield code="e">
			editor.
		</subfield>
	</datafield>
	<datafield ind1="2" ind2=" " tag="710">
		<subfield code="a">
			Princeton University.
		</subfield>
		<subfield code="b">
			Library.
		</subfield>
	</datafield>
	<datafield ind1="0" ind2=" " tag="730">
		<subfield code="a">
			Arabic Collections Online.
		</subfield>
	</datafield>
	<datafield ind1="0" ind2="8" tag="776">
		<subfield code="i">
			Online version:
		</subfield>
		<subfield code="a">
			Ibn Dāwūd al-Iṣfahānī, Abū Bakr Muḥammad, 868 or 9-909 or 10.
		</subfield>
		<subfield code="s">
			Zahrah. Niṣf 1. Selections.
		</subfield>
		<subfield code="t">
			Niṣf al-awwal min Kitāb al-Zahrah.
		</subfield>
		<subfield code="d">
			[Baghdād, Maktabat al-Muthanná, 1968?]
		</subfield>
		<subfield code="w">
			(OCoLC)655216946
		</subfield>
	</datafield>
	<datafield ind1="0" ind2="8" tag="776">
		<subfield code="i">
			Print version:
		</subfield>
		<subfield code="a">
			Ibn Dāwūd al-Iṣfahānī, Abū Bakr Muḥammad, 868 or 869-909 or 910.
		</subfield>
		<subfield code="t">
			al-Niṣf al-awwal min Kitāb al-Zahrah
		</subfield>
		<subfield code="w">
			(NjP)2759769
		</subfield>
		<subfield code="w">
			(DLC)   72961263 
		</subfield>
		<subfield code="w">
			(OCoLC)22592480
		</subfield>
	</datafield>
	<datafield ind1=" " ind2="0" tag="830">
		<subfield code="a">
			Studies in ancient oriental civilization ;
		</subfield>
		<subfield code="v">
			no. 6.
		</subfield>
	</datafield>
	<datafield ind1="4" ind2="0" tag="856">
		<subfield code="u">
			http://hdl.handle.net/2333.1/3n5tb5mb
		</subfield>
	</datafield>
	<datafield ind1="1" ind2=" " tag="880">
		<subfield code="6">
			100-01/r
		</subfield>
		<subfield code="a">
			ابن داوود الاصفهاني، ابو بكر محمد،,
		</subfield>
		<subfield code="d">
			868 or 869-909 or 910.
		</subfield>
	</datafield>
	<datafield ind1="1" ind2="0" tag="880">
		<subfield code="6">
			240-02/r
		</subfield>
		<subfield code="a">
			زهرة.
		</subfield>
		<subfield code="n">
			نصف 1.
		</subfield>
		<subfield code="k">
			Selections
		</subfield>
	</datafield>
	<datafield ind1="1" ind2="2" tag="880">
		<subfield code="6">
			245-03/r
		</subfield>
		<subfield code="a">
			النصف الاول من كتاب الزهرة /
		</subfield>
		<subfield code="c">
			تأليف ابي بكر محمد بن ابي سليمان داوود الاصفهاني.
		</subfield>
	</datafield>
	<datafield ind1=" " ind2=" " tag="880">
		<subfield code="6">
			260-04/r
		</subfield>
		<subfield code="a">
			[بغداد :
		</subfield>
		<subfield code="b">
			مكتبة المثنى،
		</subfield>
		<subfield code="c">
			1968؟]
		</subfield>
	</datafield>
	<datafield ind1=" " ind2=" " tag="959">
		<subfield code="a">
			NNU
		</subfield>
		<subfield code="b">
			WEB
		</subfield>
		<subfield code="c">
			GENI
		</subfield>
		<subfield code="t">
			0
		</subfield>
		<subfield code="m">
			Electronic access
		</subfield>
		<subfield code="s">
			01
		</subfield>
	</datafield>
	<datafield ind1=" " ind2=" " tag="999">
		<subfield code="i">
			NjP_2759769
		</subfield>
		<subfield code="o">
			(OCoLC)ocm22592480 
		</subfield>
		<subfield code="s">
			princeton_aco000186
		</subfield>
		<subfield code="e">
			(ERROR-880)
		</subfield>
	</datafield>
</record>
